<?xml version="1.0" encoding="UTF-8"?><collection xmlns="http://www.loc.gov/MARC21/slim"><record><leader>00612nam--2200205-i-4500</leader><controlfield tag="001">000027765</controlfield><controlfield tag="002">20161230</controlfield><controlfield tag="005">20170107001946</controlfield><controlfield tag="008">060222s1000------------r-----000-0-hun-d</controlfield><datafield ind1=" " ind2=" " tag="040"><subfield code="a">IFIN-HH</subfield></datafield><datafield ind1=" " ind2=" " tag="041"><subfield code="a">hun</subfield></datafield><datafield ind1=" " ind2=" " tag="080"><subfield code="a">539.125.5</subfield></datafield><datafield ind1="1" ind2=" " tag="100"><subfield code="a">Kiss, Dezs¿</subfield></datafield><datafield ind1="1" ind2="0" tag="245"><subfield code="a">A neutronok szerepe a tudom©Łnyban ©♭s a gyakorlatban</subfield><subfield code="c">Dezs¿, Kiss, ©rp©Łd, Magy, M©Łrta, Nem©♭nyi</subfield></datafield><datafield ind1=" " ind2=" " tag="260"><subfield code="a">Budapest</subfield><subfield code="b">Akad©♭miai Kiad©đ</subfield><subfield code="c">1986</subfield></datafield><datafield ind1=" " ind2=" " tag="300"><subfield code="a">197 p</subfield></datafield><datafield ind1=" " ind2=" " tag="490"><subfield code="a">Az atomenergia-©♭s magkutat©Łs ©ðjabb eredm©♭nyei</subfield><subfield code="v">Vol. 4</subfield></datafield><datafield ind1="1" ind2=" " tag="700"><subfield code="a">Nem©♭nyi, M©Łrta</subfield></datafield><datafield ind1=" " ind2=" " tag="852"><subfield code="a">73767</subfield><subfield code="c">539.12</subfield></datafield><datafield ind1=" " ind2=" " tag="CAT"><subfield code="a">SYS</subfield><subfield code="c">20170107</subfield><subfield code="h">001946</subfield></datafield></record></collection>